%=============================================================
%  論文
%=============================================================

@article{
csssp,
author = "Guido Dornhege and Benjamin Blankertz and Matthias Krauledat and Florian Losch and Gabriel Curio and Klaus-Robert Muller",
title = "Combined optimization of spatial and temporal filters for improving Brain-Computer Interfacing",
journal = "IEEE TRANSACTIONS ON BIOMEDICAL ENGINEERING",
year = "2006",
volume = "XX",
number = "Y"
}

@article{
CSP1990,
author = "Zoltan J. Koles and Michael S. Lazar and Steven Z. Zhou",
title = "Spatial patterns underlying population differences in the background EEG",
journal = "Brain Topography",
year = "1990",
volume = "2",
pages = "275-284"
}

@article{
ERDとERS,
author = "G. Pfurtscheller and F. H. L. da Silva",
title = "Event-related EEG/MEG synchronization and desyn-chronization: Basic principles.",
journal = "Clinical Neurophysiology",
year = "1999",
volume = "110",
number = "11",
pages = "1842-1857"
}

@article{
BCIの比較,
author = "Bashashati H and Ward RK and Birch GE and Bashashati A",
title = "Comparing Different Classifiers in Sensory Motor Brain Computer Interfaces",
journal = "PLoS ONE",
year = "2015",
volume = "10",
number = "6"
}

@article{
NeuralCSP,
author = "Yuksel A and Olmez T",
title = "A Neural Network-Based Optimal Spatial Filter Design Method for Motor Imagery Classification",
journal = "PLoS ONE",
year = "2015",
volume = "10",
number = "5"
}

@article{
fbcsp,
author = "Kai Keng Ang and Zheng Yang Chin and Haihong Zhang and Cuntai Guan",
title = "Filter Bank Common Spatial Pattern (FBCSP) in Brain-Computer Interface",
journal = "IEEE TRANSACTIONS ON BIOMEDICAL ENGINEERING",
year = "2008",
volume = "XX",
number = "Y",
pages = "2390-2397"
}

@article{
fbcspBCICOMPE,
author = "Kai Keng Ang and Zheng Yang Chin and ChuanchuWang and and Cuntai Guan and Haihong Zhang",
title = "Filter bank common spatial pattern algorithm on BCI competition IV Datasets 2a and 2b",
journal = "frontiers in NEUROSCIENCE",
year = "2012",
volume = "29",
month = "March",
pages = "2390-2397"
}

@article{
deepconv,
author = "Robin Tibor Schirrmeister and Jost Tobias Springenberg and Lukas Dominique Josef Fiederer and Mar-tin Glasstetter and Katharina Eggensperger and Michael Tangermann and Frank Hutter and Wolfram Burgard",
title = "Deep learning with convolutional neural networks for EEG decoding and visualization",
journal = "HumanBrain Mapping",
year = "2017",
volume = "38",
number = "11",
pages = "5391-5420",
}

@article{
csp_eigen,
author = "B. Blankertz and M. Kawanabe and R. Tomioka and F. Hohlefeld and V. Nikulin and K. R. M",
title = "In-variant common spatial patterns: Alleviating nonstationarities in brain-computer interfacing",
journal = "Advances in Neural Information Processing Systems",
year = "2008",
volume = "20",
pages = "113-120",
}

@article{
cvscsp,
author = "Jyoti Singh Kirara and R. K. Agrawala and ",
title = "Optimal Spatio-Spectral Variable Size Subbands Filter ForMotor Imagery Brain Computer Interface",
journal = "Procedia Computer Science",
year = "2016",
volume = "84",
pages = "14-21",
}

@mastersthesis{
卒業論文,
author = "佐野光",
title = "Brain Computer Interfaceのための信号解析",
school = "豊田工業大学",
year = "2016"
}
%=============================================================
%  カンファレンス
%=============================================================

@conference{
CSP1999,
author = "G. Pfurtscheller and C. Guger and H. Ramoser",
title = "International Work-Conference on Artificial Neural Networks",
booktitle = "Engineering Applications of Bio-Inspired Artificial Neural Networks",
year = "1999"
}

%=============================================================
%  技術報告書
%=============================================================

@techreport{
ICA1,
author = "Hiromu Gotanda and Takaaki Ishibashi and Nobuo Iwasaki and Katsuhiro Inoue",
title = "独立成分分析の基礎と応用",
institution = "数理解析研究所",
year = "2011",
number = "1743"
}

%=============================================================
%  教科書類
%=============================================================

@book{
ICA2,
author = "村田昇",
title = "入門 独立性分析",
publisher = "東京電機大学出版",
year = "2004"
}

@book{
情報幾何学の新展開,
author = "甘利俊一",
title = "情報幾何学の新展開",
publisher = "サイエンス社",
year = "2014"
}

@book{
スペクトル解析,
author = "日野幹雄",
title = "スペクトル解析（統計ライブラリー）",
publisher = "朝倉書店",
year = "1977"
}

@book{
脳波解析入門,
author = "開一夫 and 金山範明 and‎ 河内山隆紀 and 松本敦 and‎ 宮腰誠",
title = "脳波解析入門:EEGLABとSPMを使いこなす",
publisher = "東京大学出版会",
year = "2016"
}